@misc{fnn,
    title      = {{Fuzzy Neural Network}},
    note       = {on-line at: \url{http://www.scholarpedia.org/article/Fuzzy_neural_network}}
}
